<record><leader>00000cas a2200000 a 4500</leader><controlfield tag="001">12046616</controlfield><controlfield tag="008">850517c19779999aluwr ne      0    0eng d</controlfield><datafield ind1=" " ind2=" " tag="010"><subfield code="a">sn 86050233 </subfield></datafield><datafield ind1=" " ind2=" " tag="040"><subfield code="a">AAA</subfield><subfield code="b">eng</subfield><subfield code="c">AAA</subfield><subfield code="d">CPN</subfield><subfield code="d">OCL</subfield><subfield code="d">OCLCQ</subfield></datafield><datafield ind1=" " ind2=" " tag="042"><subfield code="a">msc</subfield></datafield><datafield ind1="0" ind2="4" tag="245"><subfield code="a">The Times-record.</subfield></datafield><datafield ind1=" " ind2=" " tag="260"><subfield code="a">Fayette, Ala. :</subfield><subfield code="b">Jesse Ayers &amp; David T. Poynor,</subfield><subfield code="c">1977-</subfield></datafield><datafield ind1=" " ind2=" " tag="300"><subfield code="a">v. :</subfield><subfield code="b">ill. ;</subfield><subfield code="c">58 cm.</subfield></datafield><datafield ind1=" " ind2=" " tag="310"><subfield code="a">Weekly,</subfield><subfield code="b">&lt;Nov. 19, 1980-&gt;</subfield></datafield><datafield ind1=" " ind2=" " tag="321"><subfield code="a">Frequency varies,</subfield><subfield code="b">&lt;Aug. 24, 1977-Nov. 12, 1980&gt;</subfield></datafield><datafield ind1="0" ind2=" " tag="362"><subfield code="a">July 7, 1977 ; vol. 1, no. 1 (Aug. 24, 1977)-</subfield></datafield><datafield ind1=" " ind2=" " tag="500"><subfield code="a">Published a preview issue on: July 7, 1977.</subfield></datafield><datafield ind1=" " ind2=" " tag="752"><subfield code="a">United States</subfield><subfield code="b">Alabama</subfield><subfield code="c">Fayette</subfield><subfield code="d">Fayette.</subfield></datafield></record>